<?xml version="1.0" encoding="UTF-8"?><collection xmlns="http://www.loc.gov/MARC21/slim"><record><leader>00427nam--2200169-u-4500</leader><controlfield tag="001">000055799</controlfield><controlfield tag="002">20161230</controlfield><controlfield tag="005">20161230201052</controlfield><controlfield tag="008">130715s1000------------r-----000-0-eng-d</controlfield><datafield ind1=" " ind2=" " tag="040"><subfield code="a">IFIN-HH</subfield></datafield><datafield ind1=" " ind2=" " tag="080"><subfield code="a">621.52</subfield></datafield><datafield ind1="1" ind2=" " tag="100"><subfield code="a">Guthrie, Andrew</subfield></datafield><datafield ind1="1" ind2="0" tag="245"><subfield code="a">Vacuum technology</subfield><subfield code="c">Andrew guthrie</subfield></datafield><datafield ind1=" " ind2=" " tag="260"><subfield code="a">New York</subfield><subfield code="b">John Wiley And Sons, Inc</subfield><subfield code="c">1963</subfield></datafield><datafield ind1=" " ind2=" " tag="300"><subfield code="a">XII+532P</subfield></datafield><datafield ind1=" " ind2=" " tag="852"><subfield code="a">7498</subfield><subfield code="c">621.52</subfield></datafield><datafield ind1=" " ind2=" " tag="CAT"><subfield code="a">Sys</subfield><subfield code="c">20130715</subfield><subfield code="h">143322</subfield></datafield></record></collection>